This file was created with JabRef 2.2.
Encoding: ISO8859_1

@CONFERENCE{Addy91,
  author = {Edward A. Addy},
  title = {A Case Study on Isolation of Safety-Critical Software},
  booktitle = {COMPASS: Proceedings of the Sixth Annual Conference on Systems Integrity,
	Software Safety, and Process Security},
  year = {1991},
  pages = {75--83},
  address = {Gaithersburg, MD},
  month = {June}
}

@TECHREPORT{Armour93,
  author = {Jody Armour and Watts S. Humphrey},
  title = {Software Product Liability},
  institution = {Software Engineering Institute},
  year = {1993},
  number = {CMU/SEI-93-TR-13},
  month = {August}
}

@BOOK{SWEBOK,
  title = {Software Engineering Body of Knowledge},
  publisher = {The Institute of Electrical and Electronics Engineers Computer Society},
  year = {2004},
  editor = {Alain Abran and James W. Moore},
  author = {Pierre Bourque and Robert Dupuis}
}

@BOOK{Dobbs01,
  title = {The Law of Torts},
  publisher = {West Group},
  year = {2001},
  author = {Dan B. Dobbs},
  volume = {1-2},
  series = {Practitioner Treatise Series},
  address = {St. Paul, Minnesota}
}

@CONFERENCE{Kaner06,
  author = {Cem Kaner},
  title = {Inefficiency and Ineffectiveness of Software Testing: A Key Problem
	in Software Engineering},
  booktitle = {National Defense Industrial Association Workshop: Top 5 Software
	Engineering Problems or Issues Prevalent Within the Defense Industry},
  year = {2006},
  address = {Washington D.C.},
  month = {August}
}

@ARTICLE{Kaner96,
  author = {Cem Kaner},
  title = {Computer Malpractice},
  journal = {Software QA Quarterly},
  year = {1996},
  volume = {3},
  pages = {23},
  number = {4}
}

@ARTICLE{Kaner95,
  author = {Cem Kaner},
  title = {Software Negligence and Testing Coverage},
  journal = {Software QA Quarterly},
  year = {1995},
  volume = {2},
  pages = {18},
  number = {2}
}

@TECHREPORT{TaskForce00,
  author = {Nancy Leveson and John Knight},
  title = {ACM Task Force on Licensing of Software Engineers Working on Safety-Critical
	Software},
  institution = {Association of Computing Machinery},
  year = {2000},
  month = {July}
}

@BOOK{Leveson95,
  title = {Safeware: System Safety and Computers},
  publisher = {Addison-Wesley},
  year = {1995},
  editor = {Helen Goldstein},
  author = {Nancy G. Leveson}
}

@BOOK{Simon96,
  title = {The Sciences of the Artificial},
  publisher = {The MIT Press},
  year = {1996},
  author = {Herbert A. Simon}
}

@BOOK{Storey95,
  title = {Safety-Critical Computer Systems},
  publisher = {Addison-Wesley},
  year = {1996},
  author = {Neil Storey}
}

@INPROCEEDINGS{Subra96,
  author = {S. Subramanian and L. Elliott and R.V. Vishnuvajjala and W.T. Tsai
	and R. Mojdehbakhsh},
  title = {Fault Mitigation in Safety-Critical Software Systems},
  booktitle = {Proceedings Ninth IEEE Symposium on Computer-Based Medical Systems},
  year = {1996},
  pages = {12--17},
  address = {Ann Arbor, MI},
  month = {June}
}

@ARTICLE{Terry1915,
  author = {Henry T. Terry},
  title = {Negligence},
  journal = {Harvard Law Review},
  year = {1915},
  volume = {29},
  pages = {40-54},
  number = {1},
  month = {Nov.}
}

@INPROCEEDINGS{Tsai98,
  author = {W.T. Tsai and R. Mojdehbakhsh and F. Zhu},
  title = {Ensuring System and Software Reliability in Safety-Critical Systems},
  booktitle = {IEEE Workshop on Application-Specific Software Engineering Technology},
  year = {1998},
  pages = {48--53},
  address = {Richardson, TX},
  month = {March}
}

@ARTICLE{Maisel05,
  author = {William H. Maisel, MD, MPH},
  title = {Safety Issues Involving Medical Devices: Implications of Recent Implantable
	Cardioverter-Defibrillator Malfunctions},
  journal = {The Journal of the American Medical Association},
  year = {2005},
  volume = {294},
  pages = {955--958},
  number = {8},
  month = {August}
}

@INBOOK{Testing2005,
  chapter = {11},
  title = {American Law of Products Liability},
  publisher = {Thomson/West},
  year = {2005},
  editor = {John D. Hodson and Charles J. Nagy, Jr.},
  edition = {Third}
}

