This file was created with JabRef 2.2b.
Encoding: Cp1252

@ARTICLE{Regli2000,
  author = {Regli, W. C.  and Hu, X.  and Atwood, M.  and Sun, W. },
  citeulike-article-id = {678346},
  doi = {10.1007/PL00013715},
  journal = {Engineering with Computers},
  keywords = {rationale},
  month = {December},
  number = {3 - 4},
  pages = {209--235},
  priority = {2},
  title = {A Survey of Design Rationale Systems: Approaches, Representation, Capture and Retrieval},
  url = {http://dx.doi.org/10.1007/PL00013715},
  volume = {16},
  year = {2000}
}

@inproceedings{Forward2002,
  author = {Andrew Forward and Timothy C. Lethbridge},
  title = {The Relevance of Software Documentation, Tools and Technologies: a Survey},
  booktitle = {DocEng '02: Proceedings of the 2002 ACM Symposium on Document Engineering},
  year = {2002},
  isbn = {1-58113-594-7},
  pages = {26--33},
  location = {McLean, Virginia, USA},
  doi = {http://doi.acm.org/10.1145/585058.585065},
  publisher = {ACM Press},
  address = {New York, NY, USA},
}

@TECHREPORT{Armour1993,
  author = {Jody Armour and Watts S. Humphrey},
  title = {Software Product Liability},
  institution = {Software Engineering Institute/Carnegie Mellon University},
  year = {1993},
  number = {CMU/SEI-93-TR-13},
  month = {August},
  citeseerurl = {http://citeseer.ist.psu.edu/armour93software.html}
}

@ARTICLE{Ryan2003,
 author = {Daniel J. Ryan},
 title = {Two Views on Security Software Liability: Let the Legal System Decide},
 journal = {IEEE Security and Privacy},
 volume = {1},
 number = {1},
 year = {2003},
 issn = {1540-7993},
 pages = {70--72},
 doi = {http://dx.doi.org/10.1109/MSECP.2003.1176999},
 publisher = {IEEE Educational Activities Department},
 address = {Piscataway, NJ, USA},
 }

@ARTICLE{Priest1991, 
  author = {George L. Priest}, 
  title = {The Modern Expansion of Tort Liability: Its Sources, Its Effects, and Its Reform}, 
  journal = {The Journal of Economic Perspectives}, 
  volume = {5}, 
  number = {3}, 
  year = {1991}, 
  month = {Summer}, 
  pages = {31--50}
}

@ARTICLE{Shavell1980, 
  author = {Steven Shavell}, 
  title = {Strict Liability versus Negligence}, 
  journal = {The Journal of Legal Studies}, 
  volume = {9}, 
  number = {1}, 
  year = {1980}, 
  month = {January}, 
  pages = {1--25}
}

@ARTICLE{Calabresi1972, 
  author = {Guido Calabresi and Jon T. Hirschoff}, 
  title = {Toward a Test for Strict Liability in Torts}, 
  journal = {The Yale Law Journal}, 
  volume = {81}, 
  number = {6}, 
  year = {1972}, 
  month = {May}, 
  pages = {1055--1085}
}

@INPROCEEDINGS{Antoniol2000,
  author = {G. Antoniol and G. Canfora and A. de Lucia and G. Casazza},
  title = {Information Retrieval Models for Recovering Traceability Links between Code and Documentation},
  booktitle = {ICSM '00: Proceedings of the International Conference on Software Maintenance (ICSM'00)},
  year = {2000},
  isbn = {0-7695-0753-0},
  pages = {40},
  publisher = {IEEE Computer Society},
  address = {Washington, DC, USA},
}

@INPROCEEDINGS{Antoniol1999,
 author = {G. Antoniol and G. Canfora and A. de Lucia and E. Merlo},
 title = {Recovering Code to Documentation Links in OO System},
 booktitle = {WCRE '99: Proceedings of the Sixth Working Conference on Reverse Engineering},
 year = {1999},
 isbn = {0-7695-0303-9},
 pages = {136},
 publisher = {IEEE Computer Society},
 address = {Washington, DC, USA},
 }

@ARTICLE{Google,
  author = {Luiz André Barroso and Jeffrey Dean and Urs Hölzle},
  title = {Web Search for a Planet: The Google Cluster Architecture},
  journal = {IEEE Micro},
  year = {2003},
  volume = {23},
  pages = {22-28},
  number = {2},
  month = {March-April}
}

@ARTICLE{Kaner_neg_1995,
  author = {Cem Kaner},
  title = {Software Negligence and Testing Coverage},
  journal = {Software QA Quarterly},
  year = {1995},
  volume = {2},
  pages = {18},
  number = {2},
}

@ARTICLE{Kaner_doc_1995,
  author = {Cem Kaner},
  title = {Liability for Defective Documentation},
  journal = {Software QA Quarterly},
  year = {1995},
  volume = {2},
  pages = {8},
  number = {3},
}
@MISC{FOLDOC,
  author = {Denis Howe},
  title = {Free On-Line Dictionary of Computing},
  howpublished = {http://foldoc.org},
  year = {1993},
}

@TECHREPORT{IEEE1990,
  author = {IEEE Std 610.12-1990},
  title = {IEEE Standard Glossary Of Software Engineering Terminology},
  institution = {IEEE Standards Board},
  year = {1990},
  owner = {bestrada},
  timestamp = {2006.10.23}
}

@BOOK{Chrissis2003,
  title = {CMMI: Guidelines for Process Integration and Product Improvement},
  publisher = {Addison-Wesley Professional},
  year = {2003},
  author = {Mary Beth. Chrissis and Mike. Konrad and Sandy Schrum},
  annote = {The official book of the Capability Maturity Model Integration describes
	the process improvement approach that provides organizations with
	the essential elements of effective processes.}
}

@BOOK{Burgunder2004,
  title = {Legal Aspects of Managing Technology},
  publisher = {Thomson},
  year = {2004},
  author = {Lee Burgunder},
  edition = {Third}
}

@ARTICLE{Valetk2004,
  author = {Harry A. Valetk},
  title = {Mastering the Dark Arts of Cyberspace: A Quest for Sound Internet
	Safety Policies},
  journal = {Stanford Technology Law Review},
  year = {2004},
  volume = {'04},
  number = {2}
}

@ARTICLE{Manesh2006,
  author = {Mohsen Manesh},
  title = {The Immorality of Theft, the Amorality of Infringement},
  journal = {Stanford Technology Law Review},
  year = {2006},
  volume = {'06},
  number = {5}
}

@ARTICLE{Heni1980,
  author = {Kathryn L. Heninger},
  title = {Specifying Software Requirements for Complex Systems: New Techniques
	and Their Application},
  journal = {IEEE Transactions on Software Engineering},
  year = {1980},
  volume = {SE-6, No. 1},
  month = {January}
}

@ARTICLE{Brooks1987,
  author = {Frederick P. Brooks, Jr.},
  title = {No Silver Bullet: Essence and Accidents of Software Engineering},
  journal = {Computer},
  volume = {20},
  number = {4},
  year = {1987},
  issn = {0018-9162},
  pages = {10--19},
  publisher = {IEEE Computer Society Press},
  address = {Los Alamitos, CA, USA},
}

@BOOK{Hunt1999,
  title = {The Pragmatic Programmer: From Journeyman to Master},
  publisher = {Addison-Wesley Longman Publishing Co., Inc.},
  year = {1999},
  author = {Andrew Hunt and David Thomas},
  address = {Boston, MA, USA},
  isbn = {0-201-61622-X}
}

@BOOK{Ghezzi2002,
  title = {Fundamentals of Software Engineering},
  publisher = {Prentice Hall Professional Technical Reference},
  year = {1991},
  author = {Dino Mandrioli and Carlo Ghezzi and Mehdi Jazayeri},
  isbn = {0138204322}
}

@TECHREPORT{CMM11,
  author = {Mark C. Paulk and Bill Curtis and Mary Beth Chrissis and Charles
	V. Weber},
  title = {Capability Maturity Model for Software, Version 1.1},
  institution = {Software Engineering Institute},
  year = {1996}
}

@TECHREPORT{NASA1997,
  author = {Frederick Gregory},
  title = {NASA-STD-8719.13A},
  institution = {National Aeronautics and Space Administration},
  year = {1997},
  month = {September},
  url = {http://satc.gsfc.nasa.gov/assure/nss8719_13.html}
}

@BOOK{Sommer1989,
  title = {Software Engineering},
  publisher = {Addison-Wesley Longman Publishing Co., Inc.},
  year = {1989},
  author = {Ian Sommerville},
  address = {Boston, MA, USA},
  isbn = {0201175681}
}

@INPROCEEDINGS{Turner2001,
  author = {Clark Savage Turner and Foaad Khosmood},
  title = {Rethinking Software Process: the Key to Negligence Liability},
  booktitle = {Proceedings of the IASTED Software Engineering and Applications Conference},
  year = {2001}
}

@INPROCEEDINGS{Turner2000,
  author = {Clark Savage Turner and Debra J. Richardson},
  title = {Software and Strict Products Liability: Technical Challenges to Legal
	Notions of Responsibility},
  booktitle = {Proceedings of the IASTED International Conference on Law and Technology},
  year = {2000}
}

@INPROCEEDINGS{Turner1996,
  author = {Clark Savage Turner and Debra J. Richardson and John L. King},
  title = {Legal Sufficiency of Testing Processes},
  booktitle = {Proceedings of the 15th International Conference on Computer Safety,
	Reliability and Security},
  year = {1996},
  month = {October},
  organization = {SAFECOMP},
  location = {Vienna, Austria}
}

@TECHREPORT{Turner1999,
  author = {Clark Savage Turner and Debra J. Richardson},
  title = {Software Defect Classes and No-fault Liability},
  institution = {University of California, Irvine},
  year = {1999},
  month = {April},
  type = {UCI-ICS},
  number = {99-17}
}


@INPROCEEDINGS{Bowen1993,
  author = {Jonathan Bowen},
  title = {Formal Methods in Safety-Critical Standards},
  booktitle = {Software Engineering Standards Symposium},
  year = {1993},
  pages = {168-177}
}

@ARTICLE{Leveson1993,
  author = {Nancy G. Leveson and Clark S. Turner},
  title = {An Investigation of the Therac-25 Accidents},
  journal = {Computer},
  year = {1993},
  volume = {26},
  pages = {18-41},
  number = {7},
  address = {Los Alamitos, CA, USA},
  doi = {http://doi.ieeecomputersociety.org/10.1109/MC.1993.274940},
  issn = {0018-9162},
  publisher = {IEEE Computer Society}
}

@ARTICLE{Boehm1986,
 author = {Barry Boehm},
 title = {A Spiral Model of Software Development and Enhancement},
 journal = {SIGSOFT Softw. Eng. Notes},
 volume = {11},
 number = {4},
 year = {1986},
 issn = {0163-5948},
 pages = {14--24},
 doi = {http://doi.acm.org/10.1145/12944.12948},
 publisher = {ACM Press},
 address = {New York, NY, USA},
}

@INPROCEEDINGS{Royce1970,
 author = {Winston W. Royce},
 title = {Managing the Development of Large Software Systems: Concepts and Techniques},
 booktitle = {IEEE WESCON},
 year = {1970},
 pages = {1--9},
 publisher = {IEEE Computer Society Press}
}

@ARTICLE{Parnas1986,
  author = {David L. Parnas and Paul C. Clements},
  title = {A Rational Design Process: How and Why to Fake It},
  journal = {IEEE Trans. Softw. Eng.},
  volume = {12},
  number = {2},
  year = {1986},
  issn = {0098-5589},
  pages = {251--257},
  publisher = {IEEE Press},
  address = {Piscataway, NJ, USA},
}

@MISC{Javadoc,
  author = {Sun Microsystems},
  title = {Javadoc Tool},
  howpublished = {http://java.sun.com/j2se/javadoc/index.jsp}
}

@BOOK{Tricker2001,
  title = {ISO 9001:2000 for Small Businesses},
  publisher = {Elsevier},
  year = {2001},
  author = {Ray Tricker}
}

@BOOK{Kehoe1996, 
  title = {ISO 9000-3: A Tool for Software Product and Process Improvement},
  publisher = {Springer-Verlag},
  year = {1996},
  author = {Raymond Kehoe and Alka Jarvis}
}

@BOOK{Baase1997,
  title = {A Gift of Fire: Social, Legal, and Ethical Issues in Computing},
  publisher = {Prentice Hall},
  year = {1997}, 
  author = {Sara Baase}
}

@INPROCEEDINGS{Gotel1994,
  author = {Orlena C. Z. Gotel and Anthony C. W. Finkelstein},
  title = {An Analysis of the Requirements Traceability Problem},
  booktitle = {First International Conference on Requirements
                  Engineering (ICRE)},
  year = {1994},
  pages = {94--101},
  publisher = {IEEE Computer Society Press},
  month = {april},
  location = {Colorado Springs, Colorado},
  url = {citeseer.ist.psu.edu/article/gotel94analysis.html} 
}
