This file was created with JabRef 2.2b.
Encoding: Cp1252

@BOOK{Crane05,
  title = {Ajax in Action},
  publisher = {Manning Publications Co.},
  year = {2005},
  author = {Dave Crane and Eric Pascarello and Darren James},
  address = {Greenwich, CT, USA},
  isbn = {1932394613}
}

@TECHREPORT{JSR201,
  author = {Danny Coward},
  title = {JSR 201: Extending the Java Programming Language with Enumerations,
	Autoboxing, Enhanced for loops and Static Import},
  institution = {The Java Community Process Program},
  year = {2004},
  month = {September}
}

@PHDTHESIS{Fielding00,
  author = {Roy Thomas Fielding},
  title = {Architectural Styles and the Design of Network-based Software Architectures},
  school = {University of California, Irvine},
  year = {2000}
}

@MISC{Tomcat2,
  note = {The Apache Software Foundation},
  title = {The Apache Tomcat 5.5 Servlet/JSP Container - Clustering/Session
	Replication HOW-TO},
  howpublished = {\verb!http://tomcat.apache.org/tomcat-5.5-doc/cluster-howto.html!}
}

@BOOK{GangOf4,
  title = {Design patterns: elements of reusable object-oriented software},
  publisher = {Addison-Wesley Longman Publishing Co., Inc.},
  year = {1995},
  author = {Erich Gamma and Richard Helm and Ralph Johnson and John Vlissides},
  address = {Boston, MA, USA},
  isbn = {0-201-63361-2}
}

@TECHREPORT{Apache,
  author = {Bernhard Gr\"{o}ne and Andreas Kn\"{o}pfel and Rudolf Kugel and Oliver
	Schmidt},
  title = {The Apache Modeling Project},
  institution = {Hasso-Plattner-Institute for Software Systems Engineering},
  year = {2004},
  address = {P.O.Box 90 04 60, D–14440 Potsdam, Germany},
  month = {July},
  howpublished = {\verb!http://apache.hpi.uni-potsdam.de/document/!}
}


@MISC{RD2,
  author = {Nayeem Islam and Murthy Devarakonda},
  title = {Recoverable Distributor: A Design Pattern for Fault-Tolerant state
	Sharing in Distributed Computing},
  howpublished = {IBM Thomas J. Watson Research Center},
  note = {Yorktown Hts, NY},
  citeseerurl = {http://citeseer.ist.psu.edu/129460.html}
}

@ARTICLE{RD1,
  author = {Nayeem Islam and Murthy Devarakonda},
  title = {An Essential Design Pattern for Fault-Tolerant Distributed State
	Sharing},
  journal = {Communications of the ACM},
  year = {1996},
  volume = {39},
  pages = {65--74},
  number = {10},
  month = {October},
  address = {New York, NY, USA},
  doi = {http://doi.acm.org/10.1145/236156.236172},
  issn = {0001-0782},
  publisher = {ACM Press}
}

@INCOLLECTION{Schmidt96,
  author = {R. Greg Lavender and Douglas C. Schmidt},
  title = {Active Object: An Object Behavioral Pattern For Concurrent Programming},
  booktitle = {Pattern Languages of Program Design 2},
  publisher = {Addison-Wesley Longman Publishing Co., Inc.},
  year = {1996},
  pages = {483--499},
  address = {Boston, MA, USA},
  isbn = {0-201-895277}
}

@MISC{Tomcat,
  author = {Srini Penchikala},
  title = {Session Replication in Tomcat 5 Clusters},
  howpublished = {ONJava.com},
  month = {November},
  year = {2006},
  note = {O'Reilly Media, Inc.}
}

@INPROCEEDINGS{LeaderFollower,
  author = {Douglas C. Schmidt and Carlos O'Ryan and Irfan Pyarali and Michael
	Kircher and Frank Buschmann},
  title = {Leader/Followers: A Design Pattern for Efficient Multi-threaded Event
	Demultiplexing and Dispatching},
  booktitle = {7th Pattern Languages of Programs Conference},
  year = {2000},
  address = {Allerton Park, Illinois},
  month = {August}
}

@BOOK{Thomas01,
  title = {HTTP Essentials: Protocols for Secure, Scaleable Web Sites},
  publisher = {John Wiley \& Sons, Inc.},
  year = {2001},
  author = {Stephen Thomas},
  address = {New York, NY, USA},
  isbn = {0471398233}
}

@ARTICLE{Vermeulen95,
  author = {Allan Vermeulen and Gabe Beged-Dov and Patrick Thompson},
  title = {The Pipeline Design Pattern},
  journal = {OOPSLA'95 Workshop on Design Patterns for Concurrent, Parallel and
	Distributed Object Oriented Systems},
  year = {1995},
  month = {October}
}

@MISC{Facebook,
  author = {Mark Zuckerberg},
  title = {The Facebook API},
  howpublished = {\verb!http://developer.facebook.com/!},
  year = {2006}
}

