This file was created with JabRef 2.2.
Encoding: Cp1252

@MISC{159_F.2d_169,
  author = {Learned Hand},
  title = {United States v. Carroll Towing Co.},
  howpublished = {159 F.2d 169}
}

