@BOOK{Leveson95,
  title = {Safeware: System Safety and Computers},
  publisher = {Addison-Wesley},
  year = {1995},
  editor = {Helen Goldstein},
  author = {Nancy G. Leveson}
}

@BOOK{Storey95,
  title = {Safety-Critical Computer Systems},
  publisher = {Addison-Wesley},
  year = {1996},
  author = {Neil Storey}
}

@BOOK{Dobbs01,
  title = {The Law of Torts},
  publisher = {West Group},
  year = {2001},
  author = {Dan B. Dobbs},
  volume = {1-2},
  series = {Practitioner Treatise Series},
  address = {St. Paul, Minnesota}
}

@ARTICLE{Terry1915,
  author = {Henry T. Terry},
  title = {Negligence},
  journal = {Harvard Law Review},
  year = {1915},
  volume = {29},
  pages = {40-54},
  number = {1},
  month = {Nov.}
}

@INBOOK{Testing2005,
  chapter = {Inspection and Testing for Defects},
  title = {American Law of Products Liability 3d},
  publisher = {Thomson/West},
  year = {2005},
  editor = {John D. Hodson and Charles J. Nagy, Jr.}
}

@CONFERENCE{Addy91,
  author = {Edward A. Addy},
  title = {A Case Study on Isolation of Safety-Critical Software},
  booktitle = {COMPASS: Proceedings of the Sixth Annual Conference on Systems Integrity, Software Safety, and Process Security},
  year = {1991},
  pages = {75--83},
  address = {Gaithersburg, MD},
  month = {June}
}

@TECHREPORT{Armour93,
  author = {Jody Armour and Watts S. Humphrey},
  title = {Software Product Liability},
  institution = {Software Engineering Institute}, 
  number = {CMU/SEI-93-TR-13}, 
  year = {1993},
  month = {August}
}
