This file was created with JabRef 2.2.
Encoding: Cp1252

@TECHREPORT{Armour93,
  author = {Jody Armour and Watts S. Humphrey},
  title = {{S}oftware {P}roduct {L}iability},
  institution = {Software Engineering Institute},
  year = {1993},
  number = {CMU/SEI-93-TR-13},
  month = {August}
}

@ARTICLE{Carton95,
  author = {Barbara Carton},
  title = {{C}essna {S}ays {I}t {W}ill {M}ake {M}ore {S}mall {A}irplanes},
  journal = {The Wall Street Journal},
  year = {1995},
  pages = {B1},
  month = {14 March}
}

@ARTICLE{Clancy95,
  author = {Mike Clancy},
  title = {{C}essna {W}ill {O}nce {A}gain {M}ake {S}mall {A}ircraft},
  journal = {Des Moines Register},
  year = {1995},
  pages = {8S},
  month = {15 March}
}

@ARTICLE{Cooter91,
  author = {Robert D. Cooter},
  title = {{E}conomic {T}heories of {L}egal {L}iability},
  journal = {The Journal of Economic Perspectives},
  year = {1991},
  volume = {5},
  pages = {11--30},
  number = {3},
  month = {Summer},
  url = {http://links.jstor.org/sici?sici=0895-3309%28199122%295%3A3%3C11%3AETOLL%3E2.0.CO%3B2-X}
}

@ARTICLE{Daughety95,
  author = {Andrew F. Daughety and Jennifer F. Reinganum},
  title = {{P}roduct {S}afety: {L}iability, {R}\&{D}, and {S}ignaling},
  journal = {The American Economic Review},
  year = {1995},
  volume = {85},
  pages = {1187--1206},
  number = {5},
  month = {December},
  url = {http://links.jstor.org/sici?sici=0002-8282%28199512%2985%3A5%3C1187%3APSLRAS%3E2.0.CO%3B2-E}
}

@ARTICLE{Deitschel02,
  author = {Charles H. Deitschel},
  title = {{G}uidelines for {E}xpert {W}itness {T}estimony in {M}edical {M}alpractice
	{L}itigation},
  journal = {American Academy of Pediatrics},
  year = {2002},
  volume = {109},
  pages = {974--979},
  number = {5},
  month = {May}
}

@BOOK{Dobbs01,
  title = {The Law of Torts},
  publisher = {West Group},
  year = {2001},
  author = {Dan B. Dobbs},
  volume = {1-2},
  series = {Practitioner Treatise Series},
  address = {St. Paul, Minnesota}
}

@BOOK{Eisenberg88,
  title = {{T}he {N}ature of the {C}ommon {L}aw},
  publisher = {Harvard University Press},
  year = {1988},
  author = {Melvin Aron Eisenberg},
  address = {Cambridge, Massachusetts}
}

@ARTICLE{Graupe78,
  author = {D. Graupe and J. Magnussen and Beex, A.},
  title = {{A} {M}icroprocessor {S}ystem for {M}ultifunctional {C}ontrol of
	{U}pper-{L}imb {P}rostheses via {M}yoelectric {S}ignal {I}dentification},
  journal = {IEEE Transactions on Automatic Control},
  year = {1978},
  volume = {23},
  pages = {538--544},
  number = {4},
  month = {August},
  editor = {Ed Gosschalk}
}

@BOOK{Holmes23,
  title = {The {C}ommon {L}aw},
  publisher = {Forty-Fifth Printing},
  year = {1923},
  author = {Oliver Wendell Holmes},
  address = {Boston}
}

@CONFERENCE{Hurtig94,
  author = {J.K. Hurtig and S. Yurkovich and K.M. Passino and D. Littlejohn},
  title = {{T}orque {R}egulation with the {G}eneral {M}otors {ABS} {VI} {E}lectric
	{B}rake {S}ystem},
  booktitle = {American Control Conference},
  year = {1994},
  volume = {2},
  pages = {1210--1211},
  month = {June/July}
}

@ARTICLE{Kaner96,
  author = {Cem Kaner},
  title = {{C}omputer {M}alpractice},
  journal = {Software QA Quarterly},
  year = {1996},
  volume = {3},
  pages = {23},
  number = {4}
}

@BOOK{Prosser,
  title = {{P}rosser {A}nd {K}eeton on {T}he {L}aw of {T}orts},
  publisher = {West Publishing Co.},
  year = {1984},
  editor = {W. Page Keeton},
  author = {W. Page Keeton and Dan B. Dobbs and Robert E. Keeton and David G.
	Owen},
  series = {Hornbook Series},
  edition = {Fifth}
}

@BOOK{Prosser,
  title = {Prosser And Keeton on The Law of Torts},
  publisher = {West Publishing Co.},
  year = {1984},
  editor = {W. Page Keeton},
  author = {W. Page Keeton and Dan B. Dobbs and Robert E. Keeton and David G.
	Owen},
  series = {Hornbook Series},
  edition = {Fifth}
}

@ARTICLE{Knight02,
  author = {John C. Knight and Nancy G. Leveson},
  title = {{S}hould {S}oftware {E}ngineers be {L}icensed?},
  journal = {Communications of the ACM},
  year = {2002},
  volume = {45},
  pages = {87--90},
  number = {11},
  month = {November}
}

@UNPUBLISHED{Kolczynski03,
  author = {Phillip J. Kolczynski},
  title = {{G}eneral {A}viation {A}ir {C}rash, {M}anufacturer {I}mmunity?},
  note = {\verb!http://www.aviationlawcorp.com/content/gaiimune.html!},
  month = {June},
  year = {2003}
}

@ARTICLE{Lehman98,
  author = {Melr M. Lehman},
  title = {Software's {F}uture: {M}anaging {E}volution},
  journal = {IEEE Software},
  year = {1998},
  volume = {15},
  pages = {40--44},
  number = {1},
  month = {January-February}
}

@BOOK{Leveson95,
  title = {Safeware: System Safety and Computers},
  publisher = {Addison-Wesley},
  year = {1995},
  editor = {Helen Goldstein},
  author = {Nancy G. Leveson}
}

@ARTICLE{Therac25,
  author = {Nancy G. Leveson and Clark S. Turner},
  title = {{A}n {I}nvestigation of the {T}herac-25 {A}ccidents},
  journal = {IEEE Computer},
  year = {1993},
  volume = {26},
  pages = {18--41},
  number = {7},
  month = {July},
  address = {Los Alamitos, CA, USA},
  doi = {http://doi.ieeecomputersociety.org/10.1109/MC.1993.274940},
  issn = {0018-9162},
  publisher = {IEEE Computer Society}
}

@ARTICLE{Maisel05,
  author = {William H. Maisel},
  title = {{S}afety {I}ssues {I}nvolving {M}edical {D}evices: {I}mplications
	of {R}ecent {I}mplantable {C}ardioverter-{D}efibrillator {M}alfunctions},
  journal = {The Journal of the American Medical Association},
  year = {2005},
  volume = {294},
  pages = {955--958},
  number = {8},
  month = {August}
}

@BOOK{McAdams07,
  title = {{L}aw, {B}usiness, and {S}ociety},
  publisher = {McGraw-Hill},
  year = {2007},
  author = {Tony McAdams and Nancy Neslund and Kristofer Nesulnd},
  edition = {8$^{th}$}
}

@ARTICLE{Mulder84,
  author = {Michael C. Mulder and John Dalphin},
  title = {{C}omputer {S}cience {P}rogram {R}equirements and {A}ccreditation},
  journal = {Communications of the ACM},
  year = {1984},
  volume = {27},
  pages = {330--335},
  number = {4},
  address = {New York, NY, USA},
  doi = {http://doi.acm.org/10.1145/358027.358036},
  issn = {0001-0782},
  publisher = {ACM Press}
}

@ARTICLE{Osterweil87,
  author = {L. Osterweil},
  title = {Software {P}rocesses {A}re {S}oftware {T}oo},
  year = {1987},
  pages = {2--13},
  address = {Los Alamitos, CA, USA},
  booktitle = {ICSE '87: Proceedings of the 9th international conference on Software
	Engineering},
  isbn = {0-89791-216-0},
  location = {Monterey, California, United States},
  publisher = {IEEE Computer Society Press}
}

@ARTICLE{Parnas98,
  author = {David Lorge Parnas},
  title = {{S}oftware {E}ngineering {P}rograms {A}re {N}ot {C}omputer {S}cience
	{P}rograms},
  journal = {Annals of Software Engineering},
  year = {1998},
  volume = {6},
  pages = {19--37},
  editor = {Neal S. Coulter and Norman E. Gibbs},
  publisher = {Baltzer Science Publishers}
}

@ARTICLE{Parnas90,
  author = {David L. Parnas and A. John van Schouwen and Shu Po Kwan},
  title = {{E}valuation of {S}afety-{C}ritical {S}oftware},
  journal = {Communications of the ACM},
  year = {1990},
  volume = {33},
  pages = {636--648},
  number = {6},
  address = {New York, NY, USA},
  doi = {http://doi.acm.org/10.1145/78973.78974},
  issn = {0001-0782},
  publisher = {ACM Press}
}

@ARTICLE{Priest77,
  author = {George L. Priest},
  title = {The {C}ommon {L}aw {P}rocess and the {S}election of {E}fficient {R}ules},
  journal = {The Journal of Legal Studies},
  year = {1977},
  volume = {6},
  pages = {65--82},
  number = {1},
  month = {January},
  url = {http://links.jstor.org/sici?sici=0047-2530%28197701%296%3A1%3C65%3ATCLPAT%3E2.0.CO%3B2-Q}
}

@ARTICLE{Rubin77,
  author = {Paul H. Rubin},
  title = {{W}hy {I}s the {C}ommon {L}aw {E}fficient?},
  journal = {The Journal of Legal Studies},
  year = {1977},
  volume = {6},
  pages = {51--63},
  number = {1},
  month = {January},
  url = {http://links.jstor.org/sici?sici=0047-2530%28197701%296%3A1%3C51%3AWITCLE%3E2.0.CO%3B2-3}
}

@ARTICLE{Ryan03,
  author = {Daniel J. Ryan and Carey Heckman},
  title = {{T}wo {V}iews on {S}ecurity {S}oftware {L}iability: {L}et the {L}egal
	{S}ystem {D}ecide},
  journal = {IEEE Security and Privacy},
  year = {2003},
  volume = {1},
  pages = {70--72},
  number = {1},
  address = {Piscataway, NJ, USA},
  issn = {1540-7993},
  publisher = {IEEE Educational Activities Department}
}

@ARTICLE{Smith91,
  author = {Timothy K. Smith},
  title = {{L}iability {C}osts {D}rive {S}mall-{P}lane {B}usiness {B}ack into
	{P}ilots, {B}arns},
  journal = {The Wall Street Journal},
  year = {1991},
  pages = {A1},
  month = {11 December}
}

@PHDTHESIS{Turner99,
  author = {Clark Savage Turner},
  title = {{Software} as {Product}: the {T}echnical {C}hallenges to {S}ocial
	{N}otions of {R}esponsibility},
  school = {University of California},
  year = {1999},
  address = {Irvine}
}

@INPROCEEDINGS{Turner00,
  author = {Clark Savage Turner and Debra J. Richardson},
  title = {{S}oftware and {S}trict {P}roducts {L}iability: {T}echnical {C}hallenges
	to {Le}gal {N}otions of {R}esponsibility},
  booktitle = {Proceedings of the IASTED International Conference on Law and Technology},
  year = {2000}
}

@ARTICLE{Valdmanis01,
  author = {Thor Valdmanis},
  title = {6 {Y}ears after {N}early {C}ollapsing, {P}iper {T}akes {O}ff {A}gain},
  journal = {USA TODAY},
  year = {2001},
  pages = {6B},
  month = {3 July}
}

@MISC{ABET,
  title = {{A}ccreditation {B}oard for {E}ngineering and {T}echnology},
  howpublished = {\verb!http://www.abet.org!},
  month = {June},
  year = {2007}
}

@MANUAL{SJMCode,
  title = {{C}ode of {B}usiness {C}onduct},
  organization = {St. Jude Medical, Inc.},
  edition = {5.04},
  month = {May},
  year = {2004}
}

@ARTICLE{SECODE,
  title = {{S}oftware {E}ngineering {C}ode of {E}thics and {P}rofessional {P}ractice},
  year = {1999},
  note = {Version 5.2},
  howpublished = {\verb!http://www.acm.org/serving/se/code.htm!},
  institution = {ACM/IEEE-CS Joint Task Force on Software Engineering Ethics and Professional
	Practices}
}

@MANUAL{Rest3d,
  title = {{R}estatement {T}hird, {T}orts: {P}roducts {L}iability},
  organization = {American Law Institute},
  address = {St. Paul, MN},
  year = {1998}
}

