This file was created with JabRef 2.2.
Encoding: Cp1252

@MISC{Hand,
  author = {Hand and Chase and Frank},
  title = {United States v. Carroll Towing Co.},
  howpublished = {159 F.2d 169},
  year = {1947}
}

@MISC{Compass,
  author = {Sneed and Tang and Thompson},
  title = {Winter v. G.P. Putnam's Sons},
  howpublished = {938 F.2d 1033},
  year = {1991}
}

