@ARTICLE{Vermeulen95,
  author = "Allan Vermeulen and Gabe Beged-Dov and Patrick Thompson",
  title = "The Pipeline Design Pattern",
  journal = "OOPSLA'95 Workshop on Design Patterns for Concurrent, Parallel and Distributed Object Oriented Systems",
  month = "October",
  year = "1995",
  url = "citeseer.ist.psu.edu/vermeulen95pipeline.html" }
 
@book{Crane05,
 author = {Dave Crane and Eric Pascarello and Darren James},
 title = {Ajax in Action},
 year = {2005},
 isbn = {1932394613},
 publisher = {Manning Publications Co.},
 address = {Greenwich, CT, USA}
}

@book{GangOf4,
 author = {Erich Gamma and Richard Helm and Ralph Johnson and John Vlissides},
 title = {Design patterns: elements of reusable object-oriented software},
 year = {1995},
 isbn = {0-201-63361-2},
 publisher = {Addison-Wesley Longman Publishing Co., Inc.},
 address = {Boston, MA, USA}
}

@PHDTHESIS{Fielding00,
  author = {Roy Thomas Fielding},
  title = {Architectural Styles and the Design of Network-based Software Architectures},
  school = {University of California, Irvine},
  year = {2000}
}

@book{Thomas01, 
 author = {Stephen Thomas}, 
 title = {HTTP Essentials: Protocols for Secure, Scaleable Web Sites}, 
 year = {2001},
 isbn = {0471398233}, 
 publisher = {John Wiley \& Sons, Inc.},
 address = {New York, NY, USA}
}

@incollection{Schmidt96,
 author = {R. Greg Lavender and Douglas C. Schmidt},
 title = {Active Object: An Object Behavioral Pattern For Concurrent Programming},
 booktitle = {Pattern Languages of Program Design 2},
 year = {1996},
 isbn = {0-201-895277},
 pages = {483--499},
 publisher = {Addison-Wesley Longman Publishing Co., Inc.},
 address = {Boston, MA, USA}
}

@MISC{Facebook,
  author = {Mark Zuckerberg},
  title = {The Facebook API},
  howpublished = {\verb!http://developer.facebook.com/!},
  year = {2006}
}
